@InProceedings{Achanta2009,
 affiliation = {EPFL},
 author = {Achanta, Radhakrishna and Hemami, Sheila and Estrada, Francisco and SÃ¼sstrunk, Sabine},
 booktitle = {{IEEE} {I}nternational {C}onference on {C}omputer {V}ision and {P}attern {R}ecognition ({CVPR} 2009)},
 details = {http://infoscience.epfl.ch/record/135217},
 documenturl={https://infoscience.epfl.ch/record/135217/files/1708.pdf},
 doi = {10.1109/CVPR.2009.5206596},
 location = {Miami Beach, Florida},
 pages = {1597 -- 1604},
 title = {Frequency-tuned {S}alient {R}egion {D}etection},
 ISSN={1063-6919},
 url = {http://ivrg.epfl.ch/supplementary_material/RK_CVPR09/index.html},
 year = 2009
}

@article{LibSVM,
 author = {Chang, Chih-Chung and Lin, Chih-Jen},
 title = {LIBSVM: A Library for Support Vector Machines},
 journal = {ACM Trans. Intell. Syst. Technol.},
 issue_date = {April 2011},
 volume = {2},
 number = {3},
 month = may,
 year = {2011},
 issn = {2157-6904},
 pages = {27:1--27:27},
 articleno = {27},
 numpages = {27},
 url = {http://doi.acm.org/10.1145/1961189.1961199},
 doi = {10.1145/1961189.1961199},
 acmid = {1961199},
 publisher = {ACM},
 address = {New York, NY, USA},
 keywords = {Classification LIBSVM optimization regression support vector machines SVM},
}

@book{David1988,
 title={The method of paired comparisons},
 author={David, Herbert Aron},
 year={1988},
 isbn={9780852642900},
 series={2nd ed.},
 publisher={rev. London: C. Griffin}
}

@InProceedings{Fang2014,
 author = {Fang, Chen and Lin, Zhe and Mech, Radomir and Shen, Xiaohui},
 title = {Automatic Image Cropping Using Visual Composition, Boundary Simplicity and Content Preservation Models},
 booktitle = {Proceedings of the 22Nd ACM International Conference on Multimedia},
 series = {MM '14},
 year = {2014},
 isbn = {978-1-4503-3063-3},
 location = {Orlando, Florida, USA},
 pages = {1105--1108},
 numpages = {4},
 url = {http://doi.acm.org/10.1145/2647868.2654979},
 doi = {10.1145/2647868.2654979},
 acmid = {2654979},
 publisher = {ACM},
 address = {New York, NY, USA},
 keywords = {image aesthetic, image cropping, visual composition},
}

@book{Freeman2012,
 title={Fotografie v Praxi},
 author={Freeman, Michael},
 year={2012},
 isbn={978-80-7413-193-6},
 series={Kompozice},
 publisher={Brno: Zoner Press}
}

@article{Itti1998,
 author = {Itti, Laurent and Koch, Christof and Niebur, Ernst},
 title = {A Model of Saliency-Based Visual Attention for Rapid Scene Analysis},
 journal = {IEEE Trans. Pattern Anal. Mach. Intell.},
 issue_date = {November 1998},
 volume = {20},
 number = {11},
 month = nov,
 year = {1998},
 issn = {0162-8828},
 pages = {1254--1259},
 numpages = {6},
 url = {http://dx.doi.org/10.1109/34.730558},
 doi = {10.1109/34.730558},
 acmid = {297870},
 publisher = {IEEE Computer Society},
 address = {Washington, DC, USA},
 keywords = {Visual attention, scene analysis, feature extraction, target detection, visual search.},
} 

@InProceedings{Luo2007, 
 author={J. Luo}, 
 booktitle={2007 IEEE International Conference on Multimedia and Expo}, 
 title={Subject Content-Based Intelligent Cropping of Digital Photos}, 
 year={2007},
 pages={2218-2221}, 
 doi={10.1109/ICME.2007.4285126}, 
 ISSN={1945-7871}, 
 month=jul,
 url={http://dx.doi.org/10.1109/ICME.2007.4285126}
}

@InProceedings{Margolin2013, 
 author={R. Margolin and A. Tal and L. Zelnik-Manor}, 
 booktitle={2013 IEEE Conference on Computer Vision and Pattern Recognition}, 
 title={What Makes a Patch Distinct?}, 
 year={2013},
 pages={1139-1146}, 
 doi={10.1109/CVPR.2013.151}, 
 ISSN={1063-6919}, 
 month=jun,
 url={http://dx.doi.org/10.1109/CVPR.2013.151}
}

@MASTERSTHESIS{Sevcik2015,
 author = {V{\'{i}}t {\v{S}}ev{\v{c}}{\'{i}}k},
 type = {Bakal{\'{a}}{\v{r}}sk{\'{a}} pr{\'{a}}ce},
 title = {Webov{\'{y}} n{\'{a}}stroj pro p{\'{a}}rov{\'{y}}
	test obr{\'{a}}zk{\r{u}}},
 school = {Vysok{\'{e}} u{\v{c}}en{\'{i}} technick{\'{e}} v Brn{\v{e}},
	Fakulta informa{\v{c}}n{\'{i}}ch technologi{\'{i}}},
 year = {2015},
 location = {Brno, CZ},
 language = {czech},
 url = {http://www.fit.vutbr.cz/study/DP/BP.php?id=16323}
}

@InProceedings{Shilston2006, 
 author={Shilston, Robert and Stentiford, Fred}, 
 booktitle={2006 International Conference on Image Processing}, 
 title={An Attention Based Focus Control System}, 
 year={2006},
 pages={425-428}, 
 doi={10.1109/ICIP.2006.312448}, 
 ISSN={1522-4880}, 
 month=oct,
 url={http://dx.doi.org/10.1109/ICIP.2006.312448}
}

@InProceedings{Stentiford2007,
 author = {Stentiford, Fred},
 title = {Attention Based Auto Image Cropping},
 booktitle = {ICVS Workshop on Computation Attention and Applications},
 year = {2007},
 month = mar,
 day = {21-24},
 pages = {},
 location = {Bielefeld, Germany},
 url = {https://www.ee.ucl.ac.uk/~fstentif/WCAA2007.pdf},
 year = 2007
}

@InProceedings{Suh2003,
 author = {Suh, Bongwon and Ling, Haibin and Bederson, Benjamin B. and Jacobs, David W.},
 title = {Automatic Thumbnail Cropping and Its Effectiveness},
 booktitle = {Proceedings of the 16th Annual ACM Symposium on User Interface Software and Technology},
 series = {UIST '03},
 year = {2003},
 isbn = {1-58113-636-6},
 location = {Vancouver, Canada},
 pages = {95--104},
 numpages = {10},
 url = {http://doi.acm.org/10.1145/964696.964707},
 doi = {10.1145/964696.964707},
 acmid = {964707},
 publisher = {ACM},
 address = {New York, NY, USA},
 keywords = {face detection, image cropping, saliency map, thumbnail, usability study, visual search, zoomable user interfaces},
} 

@article{Tang2013, 
 author={X. Tang and W. Luo and X. Wang}, 
 journal={IEEE Transactions on Multimedia}, 
 title={Content-Based Photo Quality Assessment}, 
 year={2013}, 
 volume={15}, 
 number={8}, 
 pages={1930-1943},
 doi={10.1109/TMM.2013.2269899}, 
 ISSN={1520-9210}, 
 month=dec,
 url={http://dx.doi.org/10.1109/TMM.2013.2269899}
}

@InProceedings{Yan2013,
 author = {Yan, Jianzhou and Lin, Stephen and Kang, Sing Bing and Tang, Xiaoou},
 title = {Learning the Change for Automatic Image Cropping},
 booktitle = {Proceedings of the 2013 IEEE Conference on Computer Vision and Pattern Recognition},
 series = {CVPR '13},
 year = {2013},
 isbn = {978-0-7695-4989-7},
 pages = {971--978},
 numpages = {8},
 doi = {10.1109/CVPR.2013.130},
 acmid = {2516273},
 publisher = {IEEE Computer Society},
 address = {Washington, DC, USA},
 keywords = {Image cropping},
 url = {http://dx.doi.org/10.1109/CVPR.2013.130}
}

@InProceedings{Zhang2005, 
 author={Mingju Zhang and Lei Zhang and Yanfeng Sun and Lin Feng and Weiying Ma}, 
 booktitle={2005 IEEE International Conference on Multimedia and Expo}, 
 title={Auto cropping for digital photographs}, 
 year={2005}, 
 pages={4 pp.-}, 
 doi={10.1109/ICME.2005.1521454}, 
 ISSN={1945-7871}, 
 month=jul,
 url = {http://dx.doi.org/10.1109/ICME.2005.1521454}
} 
